<?xml version="1.0" encoding="UTF-8" ?>
<record Numero="15576834" format="InterXMarc_Complet" type="Authority">
<leader>00446n1 au22000272  45  <Pos Code="0004">00446</Pos>
<Pos Code="05" Sens="notice nouvelle">n</Pos>
<Pos Code="06" Sens="notice validée en catalogage courant">1</Pos>
<Pos Code="08" Sens="notice d&apos;autorité">a</Pos>
<Pos Code="09" Sens="titre uniforme musical (TUM)">u</Pos>
<Pos Code="10">2</Pos>
<Pos Code="11">2</Pos>
<Pos Code="1216">00027</Pos>
<Pos Code="17" Sens="autres cas">2</Pos>
<Pos Code="20">4</Pos>
<Pos Code="21">5</Pos>
</leader>
<controlfield tag="001">FRBNF155768349<Pos Code="0001">FR</Pos>
<Pos Code="0204">BNF</Pos>
<Pos Code="0512">15576834</Pos>
<Pos Code="13">9</Pos>
</controlfield>
<controlfield tag="008">071029      yyfre mld       2003                             1   <Pos Code="0001">07</Pos>
<Pos Code="0203">10</Pos>
<Pos Code="0405">29</Pos>
<Pos Code="1213" Sens="ne s&apos;applique pas">yy</Pos>
<Pos Code="1416" Sens="français">fre</Pos>
<Pos Code="1820" Sens="mélodie">mld</Pos>
<Pos Code="2831">2003</Pos>
<Pos Code="61" Sens="La vedette peut être liée à une notice bibliographique sauf pour l&apos;accès matière RAMEAU">1</Pos>
</controlfield>
<datafield tag="048" ind1=" " ind2=" ">
	<subfield code="b">vb01<Pos Code="0001" Sens="voix - mezzo-soprano">vb</Pos>
<Pos Code="02">0</Pos>
<Pos Code="03">1</Pos>
</subfield>
	<subfield code="a">oa01<Pos Code="0001" Sens="orchestre - orchestre symphonique XIXe-XXe s.">oa</Pos>
<Pos Code="02">0</Pos>
<Pos Code="03">1</Pos>
</subfield>
</datafield>
<datafield tag="100" ind1=" " ind2=" ">
	<subfield code="3">13928925</subfield>
	<subfield code="w">.0..b.....</subfield>
	<subfield code="a">Aperghis</subfield>
	<subfield code="m">Georges</subfield>
	<subfield code="d">1945-....</subfield>
</datafield>
<datafield tag="144" ind1="1" ind2=" ">
	<subfield code="w">....b.eng.</subfield>
	<subfield code="a">Dark side</subfield>
</datafield>
<datafield tag="600" ind1=" " ind2=" ">
	<subfield code="a">Commande de l&apos;E.I.C.</subfield>
	<subfield code="a">Texte d&apos;après l&apos;Oreste d&apos;Eschyle traduit par François Regnault</subfield>
	<subfield code="a">Date de composition : 2003</subfield>
</datafield>
<datafield tag="610" ind1=" " ind2=" ">
	<subfield code="a">Dark side [Musique imprimée] : pour mezzo-soprano &amp; ensemble instrumental / Georges Aperghis, 2005</subfield>
</datafield>
<Attr Nom="IDPerenne">ark:/12148/cb155768344</Attr>
<Attr Nom="Source" Sens="BnF catalogue général (depuis 1999)">A</Attr>
<Attr Nom="NumAutoriteLiee">13928925</Attr>
<Attr Nom="DateCreation">29/10/ 2007</Attr>
<Attr Nom="ResponsableCreation">FANTOLA FABIENNE</Attr>
<Attr Nom="StructCreation">37</Attr>
<Attr Nom="DateDerniereValidation">09/11/ 2010</Attr>
<Attr Nom="ResponsableDerniereValidation">MIGV4</Attr>
<Attr Nom="StructPremiereValidation">37</Attr>
<Attr Nom="DatePremiereValidation">29/10/ 2007</Attr>
<Attr Nom="ResponsablePremiereValidation">FANTOLA FABIENNE</Attr>
<Attr Nom="StructDerniereValidation">1</Attr>
</record>
